000000205 LDR   L ^^^^^nam^a22002891^^4500
000000205 001   L 000000205
000000205 003   L MiU
000000205 005   L 19880715000000.0
000000205 006   L m^^^^^^^^d^^^^^^^^
000000205 007   L cr^bn^---auaua
000000205 008   L 880715s1969^^^^enka^^^^^b^^^|00100^eng^^
000000205 010   L $$a77402206
000000205 015   L $$aB69-09503
000000205 020   L $$a0416281206$$c25/-
000000205 035   L $$a(RLIN)MIUG0019025-B
000000205 035   L $$a(CaOTULAS)159818252
000000205 035   L $$a(OCoLC)ocm00019025
000000205 035   L $$asdr-nrlf.b169050269
000000205 040   L $$aDLC$$cDLC$$dMiU
000000205 050 4 L $$aHC502$$b.S441
000000205 082   L $$a330
000000205 1001  L $$aSeidman, Ann.
000000205 24513 L $$aAn economics textbook for Africa.
000000205 260   L $$aLondon,$$bMethuen,$$c1969.
000000205 300   L $$axv, 327 p.$$billus.$$c22 cm.
000000205 504   L $$aBibliography: p. [313]-318.
000000205 538   L $$aMode of access: Internet.
000000205 650 0 L $$aEconomics
000000205 650 0 L $$aEconomic policy
000000205 651 0 L $$aAfrica$$xEconomic conditions$$y1945-1960.
000000205 8520  L $$aMiU$$bBUHR$$cGRAD$$hHC502 .S441
000000205 970   L $$aBK$$bBook
000000205 971   L $$aMiU
000000205 972   L $$c20040625
000000205 973   L $$aHT$$bavail_ht
000000205 973   L $$aAC$$bavail_circ
000000205 974   L $$umdp.39015005179794$$ric$$d20120229
000000205 998   L $$s9665
