000000398 LDR   L ^^^^^nam^a22002411^^4500
000000398 001   L 000000398
000000398 003   L MiU
000000398 005   L 19880715000000.0
000000398 006   L m^^^^^^^^d^^^^^^^^
000000398 007   L cr^bn^---auaua
000000398 008   L 880715s1968^^^^onca^^^^^^^^^|00000^eng^^
000000398 010   L $$a76366569
000000398 015   L $$aC***
000000398 035   L $$a(RLIN)MIUG0041801-B
000000398 035   L $$a(CaOTULAS)159818485
000000398 035   L $$a(OCoLC)ocm00041801
000000398 040   L $$aDLC$$cDLC$$dMiU
000000398 0500  L $$aPR6068.O73$$bW5
000000398 082   L $$a811/.5/4
000000398 1001  L $$aRosenblatt, Joe,$$d1933-
000000398 24510 L $$aWinter of the luna moth.
000000398 260   L $$a[Toronto,$$bHouse of Anasi,$$c1968]
000000398 300   L $$a78 p.$$billus.$$c22 cm.
000000398 500   L $$aPoems.
000000398 538   L $$aMode of access: Internet.
000000398 8521  L $$aMiU$$bBUHR$$cGRAD$$h828 R8134wi
000000398 970   L $$aBK$$bBook
000000398 971   L $$aMiU
000000398 972   L $$c20040625
000000398 973   L $$aHT$$bavail_ht
000000398 973   L $$aAC$$bavail_circ
000000398 974   L $$umdp.39015014856705$$ric$$d20120229
000000398 998   L $$s9665
