000001364 LDR   L ^^^^^nam^a22002771^^4500
000001364 001   L 000001364
000001364 003   L MiU
000001364 005   L 19880715000000.0
000001364 006   L m^^^^^^^^d^^^^^^^^
000001364 007   L cr^bn^---auaua
000001364 008   L 880715r19701957nyu^^^^^^b^^^|00000^eng^^
000001364 010   L $$a72104161
000001364 020   L $$a0670003069$$c$2.75
000001364 035   L $$a(RLIN)MIUG0099558-B
000001364 035   L $$a(CaOTULAS)159819606
000001364 035   L $$a(OCoLC)ocm00099558
000001364 040   L $$aDLC$$cDLC$$dMiU
000001364 0500  L $$aAC8$$b.M174 1970
000001364 082   L $$a320.5/08
000001364 1001  L $$aMacdonald, Dwight.
000001364 24000 L $$aMemoirs of a revolutionist
000001364 24510 L $$aPolitics past;$$bessays in political criticism.
000001364 260   L $$aNew York,$$bViking Press$$c[1970, c1957]
000001364 300   L $$avii, 376 p.$$c20 cm.
000001364 4900  L $$aA Viking compass book
000001364 500   L $$a1957 ed. published under title: Memoirs of a revolutionist.
000001364 504   L $$aIncludes bibliographical references.
000001364 538   L $$aMode of access: Internet.
000001364 8520  L $$aMiU$$bBUHR$$cGRAD$$hAC 8 .M126 1970$$xtr. from UGL 7-9-99
000001364 970   L $$aBK$$bBook
000001364 971   L $$aMiU
000001364 972   L $$c20040625
000001364 973   L $$aHT$$bavail_ht
000001364 973   L $$aAC$$bavail_circ
000001364 974   L $$umdp.39015006241114$$ric$$d20120229
000001364 998   L $$s9665
