000001439 LDR   L ^^^^^nam^a22002891^^4500
000001439 001   L 000001439
000001439 003   L MiU
000001439 005   L 20010205000000.0
000001439 006   L m^^^^^^^^d^^^^^^^^
000001439 007   L cr^bn^---auaua
000001439 008   L 880715s1970^^^^ilu^^^^^^b^^^|00000^eng^^
000001439 010   L $$a70136618
000001439 020   L $$a841009155 (pbk.)
000001439 035   L $$a(RLIN)MIUG0104049-B
000001439 035   L $$a(CaOTULAS)159819690
000001439 035   L $$a(OCoLC)ocm00104049
000001439 035   L $$asdr-nrlfGLAD100760998-B
000001439 040   L $$aDLC$$cDLC$$dMiU
000001439 043   L $$an-us---
000001439 050 4 L $$aHT151$$b.D74
000001439 082   L $$a309.2/6/0973
000001439 1001  L $$aDowns, Anthony.
000001439 24510 L $$aUrban problems and prospects.
000001439 260   L $$aChicago,$$bMarkham Pub. Co.$$c[1970]
000001439 300   L $$a293 p.$$c23 cm.
000001439 4900  L $$aMarkham series in public policy analysis
000001439 504   L $$aIncludes bibliographies.
000001439 538   L $$aMode of access: Internet.
000001439 650 0 L $$aCities and towns$$zUnited States
000001439 650 0 L $$aAfrican Americans$$xHousing.
000001439 8520  L $$aMiU$$bHATCH$$cGRAD$$hHT151 .D74
000001439 8520  L $$aMiU$$bAAEL$$cBKS$$hHT151 .D74
000001439 8520  L $$aMiU$$bHATCH$$cGRAD$$hHT151 .D74
000001439 8520  L $$aMiU$$bHATCH$$cGRAD$$hHT151 .D74
000001439 8520  L $$aMiU$$bHATCH$$cGRAD$$hHT151 .D74
000001439 8520  L $$aMiU$$bBUHR$$cAAEL$$hHT151 .D74
000001439 852   L $$auc1$$bSDR$$cNRLF
000001439 970   L $$aBK$$bBook
000001439 971   L $$aMiU
000001439 972   L $$c20040625
000001439 972   L $$c20040625
000001439 972   L $$c20040625
000001439 972   L $$c20040625
000001439 972   L $$c20040625
000001439 972   L $$c20040625
000001439 973   L $$aAC$$bavail_circ
000001439 998   L $$s9665
