000001767 LDR   L ^^^^^nam^a22002771^^4500
000001767 001   L 000001767
000001767 003   L MiU
000001767 005   L 19880715000000.0
000001767 006   L m^^^^^^^^d^^^^^^^^
000001767 007   L cr^bn^---auaua
000001767 008   L 880715s1970^^^^dcua^^^^^^^^^^00010^eng^^
000001767 010   L $$a79267489
000001767 035   L $$a(RLIN)MIUG0124021-B
000001767 035   L $$a(CaOTULAS)159820070
000001767 035   L $$a(OCoLC)ocm00124021
000001767 035   L $$asdr-nrlfGLAD167848314-B
000001767 040   L $$aDLC$$cDLC$$d*OCL*$$dMiU
000001767 043   L $$an-us-ct
000001767 050 4 L $$aHD7304.N37$$bM451
000001767 082   L $$a301.5/4/097468
000001767 1001  L $$aMermin, Alvin A.
000001767 24510 L $$aRelocating families;$$bthe New Haven experience, 1956 to 1966,$$cby Alvin A. Mermin.
000001767 260   L $$aWashington,$$bNational Association of Housing and Redevelopment Officials,$$c1970.
000001767 300   L $$axviii, 138 p.$$billus.$$c23 cm.
000001767 500   L $$a"NAHRO publication no. N540."
000001767 538   L $$aMode of access: Internet.
000001767 61020 L $$aNew Haven Redevelopment Agency.$$bFamily Relocation Office.
000001767 650 0 L $$aRelocation (Housing)$$zConnecticut$$zNew Haven.
000001767 7102  L $$aNational Association of Housing and Redevelopment Officials.
000001767 8520  L $$aMiU$$bAAEL$$cBKS$$hHD7304.N37 M451
000001767 852   L $$auc1$$bSDR$$cNRLF
000001767 970   L $$aBK$$bBook
000001767 971   L $$aMiU
000001767 972   L $$c20040625
000001767 973   L $$aHT$$bavail_ht
000001767 973   L $$aAC$$bavail_circ
000001767 974   L $$umdp.39015010979188$$ric$$d20120229
000001767 974   L $$uuc1.b4211952$$ric$$d20090803
000001767 998   L $$s9665
